<?xml version="1.0" encoding="UTF-8"?><record xmlns="http://www.loc.gov/MARC21/slim" xmlns:cinclude="http://apache.org/cocoon/include/1.0" xmlns:zs="http://www.loc.gov/zing/srw/">
  <leader>00963cz  a2200205n  4500</leader>
  <controlfield tag="001">no2005002836</controlfield>
  <controlfield tag="003">DLC</controlfield>
  <controlfield tag="005">20080915080856.0</controlfield>
  <controlfield tag="008">050112n| acannaabn          |b aaa     c</controlfield>
  <datafield tag="010" ind1=" " ind2=" ">
    <subfield code="a">no2005002836</subfield>
  </datafield>
  <datafield tag="035" ind1=" " ind2=" ">
    <subfield code="a">(OCoLC)oca06533122</subfield>
  </datafield>
  <datafield tag="040" ind1=" " ind2=" ">
    <subfield code="a">HkUST</subfield>
    <subfield code="b">eng</subfield>
    <subfield code="c">HkUST</subfield>
    <subfield code="d">OCoLC</subfield>
  </datafield>
  <datafield tag="100" ind1="1" ind2=" ">
    <subfield code="a">Li, Di,</subfield>
    <subfield code="d">1927-</subfield>
  </datafield>
  <datafield tag="400" ind1="1" ind2=" ">
    <subfield code="a">李廸,</subfield>
    <subfield code="d">1927-</subfield>
  </datafield>
  <datafield tag="400" ind1="1" ind2=" ">
    <subfield code="a">李迪,</subfield>
    <subfield code="d">1927-</subfield>
  </datafield>
  <datafield tag="667" ind1=" " ind2=" ">
    <subfield code="a">Machine-derived non-Latin script reference project.</subfield>
  </datafield>
  <datafield tag="667" ind1=" " ind2=" ">
    <subfield code="a">Non-Latin script references not evaluated.</subfield>
  </datafield>
  <datafield tag="667" ind1=" " ind2=" ">
    <subfield code="a">Formerly on undifferentiated name record: n  82003677</subfield>
  </datafield>
  <datafield tag="670" ind1=" " ind2=" ">
    <subfield code="a">Author's Ta kʻo hsüeh chia Tsu Chʻung-chih, 1959.</subfield>
  </datafield>
  <datafield tag="670" ind1=" " ind2=" ">
    <subfield code="a">Web site of Nei Menggu xin wen wang, Jan. 12, 2005</subfield>
    <subfield code="b">(Li Di; b. Oct. 1927; native of Jilin Sheng Yitong Xian; grad., Dongbei shi fan da xue shu xue xi, 1954; prof., Nei Menggu shi fan xue yuan shu xue xi; wrote works on history of science, biographies of scienctists; author of Zhongguo shu xue shi jian bian, Tian wen shi hua, etc.)</subfield>
  </datafield>
</record>